@software{Kelsey20,
	author       = {Kelsey Jordahl and Joris Van den Bossche and Martin Fleischmann and Jacob Wasserman and James McBride and Jeffrey Gerard and Jeff Tratner and Matthew Perry and Adrian Garcia Badaracco and Carson Farmer and Geir Arne Hjelle and Alan D. Snow and Micah Cochran and Sean Gillies and Lucas Culbertson and Matt Bartos and Nick Eubank and Max Albert and Aleksey Bilogur and Sergio Rey and Christopher Ren and Dani Arribas-Bel and Leah Wasser and Levi John Wolf and Martin Journois and Joshua Wilson and Adam Greenhall and Chris Holdgraf and Filipe and Fran√ßois Leblanc},
	title        = {geopandas/geopandas: v0.8.1},
	month        = July,
	year         = 2020,
	publisher    = {Zenodo},
	version      = {v0.8.1}
}

@article{Joyo20,
	author={Joyo, Ambreen and Yaqub, Raziq and Madamopoulos, Nicholas},
	journal={IEEE Intelligent Transportation Systems Magazine}, 
	title={Intelligent Traffic-Lights Management by Exploiting Smart Antenna Technology (ITSAT)}, 
	year={2020},
	pages={1-11}
}

@article{Yaqub20,
	author={Yaqub, Raziq and Joyo, Ambreen and Heidary, Kaveh and Madamopoulos, Nicholas},
	journal={IEEE Intelligent Transportation Systems Magazine}, 
	title={Green-Initiative for Realizing Adaptive Traffic-Signals by Exploiting Smart-Antenna Technology (GREATEST)}, 
	year={2020},
	volume={12},
	number={4},
	pages={66-77}
}

@article{Jin17,
	title = {An intelligent control system for traffic lights with simulation-based evaluation},
	journal = {Control Engineering Practice},
	volume = {58},
	pages = {24-33},
	year = {2017},
	author = {Junchen Jin and Xiaoliang Ma and Iisakki Kosonen}
}

@article{Kamran17,
	author={Mehdi A. Kamran and Hossein Ramezani and Sina Masoumzadeh and Fatemeh Nikkhoo},
	journal={Communications on Advanced Computational Science with Applications}, 
	title={Traffic Light Signal Timing Using Simulation}, 
	volume={1},
	pages={1-11},
	year={2017}
}

@article{Salimifard13,
	author = {Salimifard, Khodakaram and Ansari, Mehdi},
	year = {2013},
	pages = {172-175},
	title = {Modeling and Simulation of Urban Traffic Signals},
	journal = {International Journal of Modeling and Optimization}
}

@article{Gartner92,
	author = {Gartner, Nathan and Hou, Dennis},
	year = {1992},
	month = {12},
	pages = {66-73},
	title = {Comparative Evaluation of Alternative Traffic Control Strategies},
	volume = {1360},
	journal = {Transportation Research Record Journal of the Transportation Research Board}
}

@article{Lieberman01,
	author = {Edward Lieberman and Ajay K. Rathi and Gartner, Nathan and Messer, C.},
	title = {Revised Monograph on Traffic Flow Theory},
	date = {2001},
	volume = {1},
	Journal= {U.S. Department of Transportation - Federal Highway Administration},
	pages = {1-25}
}

@BOOK{NAP15,
	author    = "Transportation Research Board and National Academies of Sciences, Engineering, and Medicine",
	editor    = "Tom Urbanik and Alison Tanaka and Bailey Lozner and Eric Lindstrom and Kevin Lee and Shaun Quayle and Scott Beaird and Shing Tsoi and Paul Ryus and Doug Gettman and Srinivasa Sunkari and Kevin Balke and Darcy Bullock",
	title     = "Signal Timing Manual - Second Edition",
	doi       = "10.17226/22097",
	url       = "https://www.nap.edu/catalog/22097/signal-timing-manual-second-edition",
	year      = 2015,
	publisher = "The National Academies Press",
	address   = "Washington, DC"
}

@article{Zachariah17,
	author={Babangida Zachariah and Peter Ayuba and Luhutyit Peter Damuut},
	journal={Science World Journal}, 
	title={OPTIMIZATION OF TRAFFIC LIGHT CONTROL SYSTEM OF AN INTERSECTION USING FUZZY INFERENCE SYSTEM}, 
	year={2017},
	volume={12},
	number={4}
}

@article{Rachmadi11,
	author={Rachmadi, M Febrian and Al Afif, Faris and Jatmiko, Wisnu and Mursanto, Petrus and Manggala, E A and Ma'sum, M Anwar and Wibowo, Adi},
	journal={TENCON 2011 - 2011 IEEE Region 10 Conference}, 
	title={Adaptive traffic signal control system using camera sensor and embedded system}, 
	year={2011},
	pages={1261-1265}
}

@book{Wee13,
	author = {Wee, Bert and Annema, Jan and Banister, David},
	year = {2013},
	month = {01},
	pages = {399},
	title = {The transport system and transport policy: an introduction},
	isbn = {9781781952047}
}


